@book{love2010linux,
  title={Linux kernel development},
  author={Love, Robert},
  year={2010},
  publisher={Pearson Education}
}

@misc{ wiki:x86virt,
    author = "Wikipedia",
    title = "X86 virtualization --- Wikipedia{,} The Free Encyclopedia",
    year = "2017",
    url = "https://en.wikipedia.org/w/index.php?title=X86_virtualization&oldid=806652960",
    note = "[Online; accessed 12-November-2017]"
}

@article{uhlig2005intel,
  title={Intel virtualization technology},
  author={Uhlig, Rich and Neiger, Gil and Rodgers, Dion and Santoni, Amy L and Martins, Fernando CM and Anderson, Andrew V and Bennett, Steven M and Kagi, Alain and Leung, Felix H and Smith, Larry},
  journal={Computer},
  volume={38},
  number={5},
  pages={48--56},
  year={2005},
  publisher={IEEE}
}

@misc{sysfs,
    author = "Wiki",
    title = "sysfs",
    year = "2017",
    url = "https://en.wikipedia.org/wiki/Sysfs",
    note = "[Online; accessed 12-November-2017]"
}

@misc{ WMXinstructions,
    author = "Linux Assembly",
    title = "Virtual Machine Extensions (VMX) instructions set",
    year = "2017",
    url = "http://linasm.sourceforge.net/docs/instructions/vmx.php",
    note = "[Online; accessed 12-November-2017]"
}

@misc{removeKernel,
    author = "nixCraft",
    year = "How to: Linux delete or remove kernel",
    url = "https://www.cyberciti.biz/faq/debian-redhat-linux-delete-kernel-command/",
    note = "[Online; accessed 12-November-2017]"
}

@misc{firstpatch,
    author = "kernelnewbies.org",
    year = "FirstKernelPatch",
    url = "https://kernelnewbies.org/FirstKernelPatch",
    note = "[Online; accessed 12-November-2017]"
}

@misc{minnowboard,
    author = "wiki",
    year = "FirstKernelPatch",
    url = "https://www.elinux.org/Minnowboard:MinnowMaxLinuxKernel",
    note = "[Online; accessed 12-November-2017]"
}

@misc{configkernel,
    author = "linux sea",
    year = "Configuring a Linux Kernel",
    url = "http://swift.siphos.be/linux_sea/kernelbuilding.html",
    note = "[Online; accessed 12-November-2017]"
}
